@PREAMBLE{
 "\providecommand{\noopsort}[1]{}" 
 # "\providecommand{\singleletter}[1]{#1}%" 
}

@ARTICLE{Takahashi1966380,
	author = {Takahashi, Tsunero},
	title = {Minimal immersions of riemannian manifolds},
	year = {1966},
	journal = {Journal of the Mathematical Society of Japan},
	volume = {18},
	number = {4},
	pages = {380 – 385},
	doi = {10.2969/jmsj/01840380},
	url = {https://www.scopus.com/inward/record.uri?eid=2-s2.0-84972534215&doi=10.2969%2fjmsj%2f01840380&partnerID=40&md5=10bf3b58f5a38663bb024b9e73f9f66b},
	type = {Article},
	source = {Scopus}
}
@ARTICLE{Alias2016,
author={Alías, L.J. and Mastrolia, P. and Rigoli, M.},
title={Maximum principles and geometric applications},
journal={Springer Monographs in Mathematics},
year={2016},
pages={1-570},
doi={10.1007/978-3-319-24337-5},
url={https://www.scopus.com/inward/record.uri?eid=2-s2.0-85006959867&doi=10.1007%2f978-3-319-24337-5&partnerID=40&md5=11dfbf0bcedd4c235d63bce306fad4ba},
}
@book {Sakai,
    AUTHOR = {Sakai, Takashi},
     TITLE = {Riemannian geometry},
    SERIES = {Translations of Mathematical Monographs},
    VOLUME = {149},
      NOTE = {Translated from the 1992 Japanese original by the author},
 PUBLISHER = {American Mathematical Society},
   ADDRESS = {Providence, RI},
      YEAR = {1996},
     PAGES = {xiv+358},
      ISBN = {0-8218-0284-4},
   MRCLASS = {53-01 (53-02)},
  MRNUMBER = {1390760 (97f:53001)},
MRREVIEWER = {Conrad Plaut},
}
@ARTICLE{Lima20161035,
	author = {Lima, Barnabé Pessoa and Mari, Luciano and Montenegro, José Fabio Bezerra and Vieira, Franciane de Brito},
	title = {Density and spectrum of minimal submanifolds in space forms},
	year = {2016},
	journal = {Mathematische Annalen},
	volume = {366},
	number = {3-4},
	pages = {1035 – 1066},
	doi = {10.1007/s00208-016-1360-y},
	url = {https://www.scopus.com/inward/record.uri?eid=2-s2.0-84953376117&doi=10.1007%2fs00208-016-1360-y&partnerID=40&md5=e5313f4078da4f1a359d3a50a4380726},
	type = {Article},
	source = {Scopus}
}

@ARTICLE{Markvorsen2002101,
	author = {Markvorsen, Steen and Palmer, Vicente},
	title = {Generalized isoperimetric inequalities for extrinsic balls in minimal submanifolds},
	year = {2002},
	journal = {Journal fur die Reine und Angewandte Mathematik},
	volume = {1},
	number = {551},
	pages = {101 – 121},
	doi = {10.1515/crll.2002.077},
	url = {https://www.scopus.com/inward/record.uri?eid=2-s2.0-0036031732&doi=10.1515%2fcrll.2002.077&partnerID=40&md5=4cfe9e208749e091bb415c3abfb1a9ea},
	type = {Article},
	publication_stage = {Final},
	source = {Scopus},
}
@ARTICLE{Meeks2011325,
	author = {Meeks, William H. and Pérez, Joaquín},
	title = {The classical theory of minimal surfaces},
	year = {2011},
	journal = {Bulletin of the American Mathematical Society},
	volume = {48},
	number = {3},
	pages = {325 – 407},
	doi = {10.1090/S0273-0979-2011-01334-9},
	url = {https://www.scopus.com/inward/record.uri?eid=2-s2.0-79958711359&doi=10.1090%2fS0273-0979-2011-01334-9&partnerID=40&md5=5c41b1336a7a31a622bce0dbfc58f34f},
	type = {Article},
	publication_stage = {Final},
	source = {Scopus},
	note = {Cited by: 46; All Open Access, Bronze Open Access, Green Open Access}
}
@book {Simon,
    AUTHOR = {Simon, Leon},
     TITLE = {Lectures on geometric measure theory},
    SERIES = {Proceedings of the Centre for Mathematical Analysis,
              Australian National University},
    VOLUME = {3},
 PUBLISHER = {Australian National University, Centre for Mathematical
              Analysis, Canberra},
      YEAR = {1983},
     PAGES = {vii+272},
      ISBN = {0-86784-429-9},
   MRCLASS = {49-01 (28A75 49F20)},
  MRNUMBER = {756417},
MRREVIEWER = {J. S. Joel},
}
@ARTICLE{Tkachev1994313,
	author = {Tkachev, Vladimir G.},
	title = {Finiteness of the number of ends of minimal submanifolds in euclidean space},
	year = {1994},
	journal = {Manuscripta Mathematica},
	volume = {82},
	number = {1},
	pages = {313 – 330},
	doi = {10.1007/BF02567704},
	url = {https://www.scopus.com/inward/record.uri?eid=2-s2.0-51249169701&doi=10.1007%2fBF02567704&partnerID=40&md5=e4c782f5f62a2558af28d95196da33f0},
	type = {Article},
	publication_stage = {Final},
	source = {Scopus},
	note = {Cited by: 6; All Open Access, Green Open Access}
}

@ARTICLE{Anderson1982477,
	author = {Anderson, Michael T.},
	title = {Complete minimal varieties in hyperbolic space},
	year = {1982},
	journal = {Inventiones Mathematicae},
	volume = {69},
	number = {3},
	pages = {477 – 494},
	doi = {10.1007/BF01389365},
	url = {https://www.scopus.com/inward/record.uri?eid=2-s2.0-0001376776&doi=10.1007%2fBF01389365&partnerID=40&md5=d8e1168326021f814c2bbd38cfddb5dd},
	type = {Article},
	publication_stage = {Final},
	source = {Scopus},
	note = {Cited by: 103}
}

@ARTICLE{Palmer1999607,
	author = {Palmer, Vicente},
	title = {Isoperimetric inequalities for extrinsic balls in minimal submanifolds and their applications},
	year = {1999},
	journal = {Journal of the London Mathematical Society},
	volume = {60},
	number = {2},
	pages = {607 – 616},
	doi = {10.1112/S0024610799007760},
	url = {https://www.scopus.com/inward/record.uri?eid=2-s2.0-0000673219&doi=10.1112%2fS0024610799007760&partnerID=40&md5=c104b9e18b9c2747252f24e9396004f0},
	type = {Article},
	publication_stage = {Final},
	source = {Scopus},
	note = {Cited by: 25}
}

@article{CLY1984,
 ISSN = {00029327, 10806377},
 URL = {http://www.jstor.org/stable/2374272},
 author = {Shiu-Yuen Cheng and Peter Li and Shing-Tung Yau},
 journal = {American Journal of Mathematics},
 number = {5},
 pages = {1033--1065},
 publisher = {Johns Hopkins University Press},
 title = {Heat Equations on Minimal Submanifolds and Their Applications},
 urldate = {2022-10-22},
 volume = {106},
 year = {1984}
}
@article{Kokarev2021,
    author = {Kokarev, Gerasim},
    title = "{Berger’s Inequality in the Presence of Upper Sectional Curvature Bound}",
    journal = {International Mathematics Research Notices},
    year = {2021},
    month = {04},
    abstract = "{We obtain inequalities for all Laplace eigenvalues of Riemannian manifolds with an upper sectional curvature bound, whose rudiment version for the 1st Laplace eigenvalue was discovered by Berger in 1979. We show that our inequalities continue to hold for conformal metrics, and moreover, extend naturally to minimal submanifolds. In addition, we obtain explicit upper bounds for Laplace eigenvalues of minimal submanifolds in terms of geometric quantities of the ambient space.}",
    issn = {1073-7928},
    doi = {10.1093/imrn/rnab073},
    url = {https://doi.org/10.1093/imrn/rnab073},
    note = {rnab073},
    eprint = {https://academic.oup.com/imrn/advance-article-pdf/doi/10.1093/imrn/rnab073/38851310/rnab073.pdf},
}
@book {Bengtsson,
    AUTHOR = {Bengtsson, Ingemar and {\.Z}yczkowski, Karol},
     TITLE = {Geometry of quantum states},
      NOTE = {An introduction to quantum entanglement},
 PUBLISHER = {Cambridge University Press},
   ADDRESS = {Cambridge},
      YEAR = {2006},
     PAGES = {xii+466},
      ISBN = {978-0-521-81451-5; 0-521-81451-0},
   MRCLASS = {81-01 (47N50 53C80 58B20 81P15 81P68)},
  MRNUMBER = {2230995 (2007k:81001)},
MRREVIEWER = {Paul B. Slater},
       DOI = {10.1017/CBO9780511535048},
       URL = {http://dx.doi.org/10.1017/CBO9780511535048},
}

@book {YauMR0645728,
     TITLE = {Seminar on {D}ifferential {G}eometry},
    SERIES = {Annals of Mathematics Studies},
    VOLUME = {No. 102},
    EDITOR = {Yau, Shing Tung},
      NOTE = {Papers presented at seminars held during the academic year
              1979--1980},
 PUBLISHER = {Princeton University Press, Princeton, NJ; University of Tokyo
              Press, Tokyo},
      YEAR = {1982},
     PAGES = {ix+706},
      ISBN = {0-691-08268-5},
   MRCLASS = {53-06},
  MRNUMBER = {645728},
}
@article {MR0742598,
    AUTHOR = {Mut{o}, Hideo and Ohnita, Yoshihiro and Urakawa, Hajime},
     TITLE = {Homogeneous minimal hypersurfaces in the unit spheres and the
              first eigenvalues of their {L}aplacian},
   JOURNAL = {Tohoku Math. J. (2)},
  FJOURNAL = {The Tohoku Mathematical Journal. Second Series},
    VOLUME = {36},
      YEAR = {1984},
    NUMBER = {2},
     PAGES = {253--267},
      ISSN = {0040-8735,2186-585X},
   MRCLASS = {53C40 (35P15 58G25)},
  MRNUMBER = {742598},
MRREVIEWER = {R.\ S.\ Millman},
       DOI = {10.2748/tmj/1178228851},
       URL = {https://doi.org/10.2748/tmj/1178228851},
}
@article {MR0814078,
    AUTHOR = {Kotani, Motoko},
     TITLE = {The first eigenvalue of homogeneous minimal hypersurfaces in a
              unit sphere {$S^{n+1}(1)$}},
   JOURNAL = {Tohoku Math. J. (2)},
  FJOURNAL = {The Tohoku Mathematical Journal. Second Series},
    VOLUME = {37},
      YEAR = {1985},
    NUMBER = {4},
     PAGES = {523--532},
      ISSN = {0040-8735,2186-585X},
   MRCLASS = {53C42 (58G25)},
  MRNUMBER = {814078},
MRREVIEWER = {Ruishi\ Kuwabara},
       DOI = {10.2748/tmj/1178228592},
       URL = {https://doi.org/10.2748/tmj/1178228592},
}

@article {MR3080491,
    AUTHOR = {Tang, Zizhou and Yan, Wenjiao},
     TITLE = {Isoparametric foliation and {Y}au conjecture on the first
              eigenvalue},
   JOURNAL = {J. Differential Geom.},
  FJOURNAL = {Journal of Differential Geometry},
    VOLUME = {94},
      YEAR = {2013},
    NUMBER = {3},
     PAGES = {521--540},
      ISSN = {0022-040X,1945-743X},
   MRCLASS = {53C42 (53A30 58J50)},
  MRNUMBER = {3080491},
MRREVIEWER = {Oscar\ M.\ Perdomo},
       URL = {http://projecteuclid.org/euclid.jdg/1370979337},
}

@ARTICLE{Choi1983559,
	author = {Choi, Hyeong In and Wang, Ai Nung},
	title = {A first eigenvalue estimate for minimal hypersurfaces},
	year = {1983},
	journal = {Journal of Differential Geometry},
	volume = {18},
	number = {3},
	pages = {559 – 562},
	doi = {10.4310/jdg/1214437788},
	url = {https://www.scopus.com/inward/record.uri?eid=2-s2.0-84972541775&doi=10.4310%2fjdg%2f1214437788&partnerID=40&md5=0ae023d1c7e4a26b63efc870b09fb9a5},
	type = {Article},
	source = {Scopus}
}